@Book{cormen09_introd,
  author =	 {Cormen, Thomas},
  title =	 {Introduction to algorithms},
  year =	 2009,
  publisher =	 {MIT Press},
  address =	 {Cambridge, Mass},
  isbn =	 9780262033848,
}
@misc{hashingusp,
  title = {{Hashing}},
 author = {Paulo Feofiloff},
  howpublished = "\url{https://www.ime.usp.br/~pf/estruturas-de-dados/aulas/st-hash.html}",
  year = {2018}, 
  note = "[Online; acessado 16-03-2019]"
}
@misc{kernel,
  title = {{Kernel (operating system)}},
 author = {Wikipedia},
  howpublished = "\url{https://en.wikipedia.org/wiki/Kernel_(operating_system)}",
  year = {2019}, 
  note = "[Online; acessado 21-03-2019]"
}

@article{curtis03_class_greed_algor,
  author =	 {S.A. Curtis},
  title =	 {The Classification of Greedy Algorithms},
  journal =	 {Science of Computer Programming},
  volume =	 49,
  number =	 {1-3},
  pages =	 {125-157},
  year =	 2003,
  doi =		 {10.1016/j.scico.2003.09.001},
  url = 	 {https://doi.org/10.1016/j.scico.2003.09.001},
  DATE_ADDED =	 {Sat Apr 20 20:06:40 2019},
}


@inbook{laaksonen17_introd,
  DATE_ADDED =	 {Sun Apr 21 17:23:25 2019},
  author =	 {Antti Laaksonen},
  booktitle =	 {Undergraduate Topics in Computer Science},
  doi =		 {10.1007/978-3-319-72547-5_1},
  pages =	 {64-65},
  publisher =	 {Springer International Publishing},
  series =	 {Undergraduate Topics in Computer Science},
  title =	 {Introduction},
  url =		 {https://doi.org/10.1007/978-3-319-72547-5_1},
  year =	 {2017},
}

@article{Lawler1966,
  doi = {10.1287/opre.14.4.699},
  url = {https://doi.org/10.1287/opre.14.4.699},
  year = {1966},
  month = aug,
  publisher = {Institute for Operations Research and the Management Sciences ({INFORMS})},
  volume = {14},
  number = {4},
  pages = {699--719},
  author = {E. L. Lawler and D. E. Wood},
  title = {Branch-and-Bound Methods: A Survey},
  journal = {Operations Research}
}
@misc{spacecomplexitypointer,
  title = {Space Complexity},
  howpublished = {\url{https://www.cs.northwestern.edu/academics/courses/311/html/space-complexity.html}},
  note = {Accessed: 2019-04-23}
}

@book{osthreeeasypieces,
  Author = {Remzi H. Arpaci-Dusseau and Andrea C. Arpaci-Dusseau},
  Title = {Operating Systems: Three Easy Pieces},
  Publisher = {Arpaci-Dusseau Books},
  Year = {2018},
  ISBN = {9781105979125},
  URL = {http://pages.cs.wisc.edu/~remzi/OSTEP/}
}


@inbook{karp72_reduc_combin_probl,
  DATE_ADDED =	 {Tue May 28 18:40:49 2019},
  author =	 {Richard M. Karp},
  booktitle =	 {Complexity of Computer Computations},
  doi =		 {10.1007/978-1-4684-2001-2_9},
  pages =	 {85-103},
  publisher =	 {Springer US},
  series =	 {Complexity of Computer Computations},
  title =	 {Reducibility among Combinatorial Problems},
  url =		 {https://doi.org/10.1007/978-1-4684-2001-2_9},
  year =	 {1972},
}



@article{stockmeyer73_planar_is_polyn_compl,
  author =	 {Larry Stockmeyer},
  title =	 {Planar 3-colorability Is Polynomial Complete},
  journal =	 {ACM SIGACT News},
  volume =	 5,
  number =	 3,
  pages =	 {19-25},
  year =	 1973,
  doi =		 {10.1145/1008293.1008294},
  url =		 {https://doi.org/10.1145/1008293.1008294},
  DATE_ADDED =	 {Tue May 28 18:41:59 2019},
}

@article{brelaz79_new_method_to_color_vertic_graph,
  author =	 {Daniel Br{\'e}laz},
  title =	 {New Methods To Color the Vertices of a Graph},
  journal =	 {Communications of the ACM},
  volume =	 22,
  number =	 4,
  pages =	 {251-256},
  year =	 1979,
  doi =		 {10.1145/359094.359101},
  url =		 {https://doi.org/10.1145/359094.359101},
  DATE_ADDED =	 {Tue May 28 18:59:55 2019},
}


@book{Lewis2016,
  doi = {10.1007/978-3-319-25730-3},
  url = {https://doi.org/10.1007/978-3-319-25730-3},
  year = {2016},
  publisher = {Springer International Publishing},
  author = {R.M.R. Lewis},
  title = {A Guide to Graph Colouring}
}

@article{lima18_exact_algor_graph_color_probl,
  author =	 {Alane Marie De Lima and Renato Carmo},
  title =	 {Exact Algorithms for the Graph Coloring Problem},
  journal =	 {Revista de Inform{\'a}tica Te{\'o}rica e Aplicada},
  volume =	 25,
  number =	 4,
  pages =	 57,
  year =	 2018,
  doi =		 {10.22456/2175-2745.80721},
  url =		 {https://doi.org/10.22456/2175-2745.80721},
  DATE_ADDED =	 {Tue May 28 22:12:21 2019},
}



@article{bjoerklund09_set_partit_via_inclus_exclus,
  author =	 {Andreas Bj{\"o}rklund and Thore Husfeldt and Mikko
                  Koivisto},
  title =	 {Set Partitioning Via Inclusion-Exclusion},
  journal =	 {SIAM Journal on Computing},
  volume =	 39,
  number =	 2,
  pages =	 {546-563},
  year =	 2009,
  doi =		 {10.1137/070683933},
  url =		 {https://doi.org/10.1137/070683933},
  DATE_ADDED =	 {Wed May 29 20:44:06 2019},
}

@Article{Leighton_1979,
  author       = {Leighton, F.T.},
  title	       = {A graph coloring algorithm for large scheduling
                  problems},
  year	       = 1979,
  volume       = 84,
  number       = 6,
  month	       = {Nov},
  pages	       = 489,
  issn	       = {0160-1741},
  doi	       = {10.6028/jres.084.024},
  url	       = {http://dx.doi.org/10.6028/jres.084.024},
  journal      = {Journal of Research of the National Bureau of
                  Standards},
  publisher    = {National Institute of Standards and Technology
                  (NIST)}
}

@misc{instancesgraphcoloring,
  title = {Graph coloring instances},
  howpublished = {\url{https://mat.gsia.cmu.edu/COLOR/instances.html#XXREG}},
  note = {Accessed: 2019-05-24}
}
@misc{bitarrayclibrary,
  title = {Bit array},
  howpublished = {\url{https://michaeldipperstein.github.io/bitarray.html}},
  note = {Accessed: 2019-06-12}
}

@misc{genomelist,
  title = {Genome information},
  howpublished = {\url{https://www.ncbi.nlm.nih.gov/genome/browse/#!/overview/}},
  note = {Accessed: 2019-06-24}
}

@article{galil79_improv_worst_case_runnin_time,
  author =	 {Zvi Galil},
  title =	 {On Improving the Worst Case Running Time of the
                  Boyer-Moore String Matching Algorithm},
  journal =	 {Communications of the ACM},
  volume =	 22,
  number =	 9,
  pages =	 {505-508},
  year =	 1979,
  doi =		 {10.1145/359146.359148},
  url =		 {https://doi.org/10.1145/359146.359148},
  DATE_ADDED =	 {Mon Jun 24 13:17:15 2019},
}

